# \bibliography{hoge}
# \bibliographystyle{jplain} % 	参考文献をアルファベット順で出力する
# \bibliographystyle{junsrt} % 参考文献を引用された順で出力する

# mktexlsr
# bibtex report

@misc{hoge,
  author = {大川 茂樹},
  title  = {2024認識工学\_HMM.pdf},
  year   = {2024}
}